<record><leader>00000cas a22000007a 4500</leader><controlfield tag="001">18104541</controlfield><controlfield tag="008">880617d19141916nduwr ne      0    0eng d</controlfield><datafield ind1=" " ind2=" " tag="010"><subfield code="a">sn 87096024 </subfield></datafield><datafield ind1=" " ind2=" " tag="040"><subfield code="a">NOP</subfield><subfield code="b">eng</subfield><subfield code="c">NOP</subfield><subfield code="d">OCLCQ</subfield></datafield><datafield ind1=" " ind2=" " tag="042"><subfield code="a">msc</subfield></datafield><datafield ind1="0" ind2="0" tag="245"><subfield code="a">Mountrail County independent.</subfield></datafield><datafield ind1=" " ind2=" " tag="260"><subfield code="a">Stanley, N.D. :</subfield><subfield code="b">Geo. J. Smith</subfield></datafield><datafield ind1=" " ind2=" " tag="300"><subfield code="a">3 v. :</subfield><subfield code="b">ill. ;</subfield><subfield code="c">54 cm.</subfield></datafield><datafield ind1=" " ind2=" " tag="310"><subfield code="a">Weekly</subfield></datafield><datafield ind1="0" ind2=" " tag="362"><subfield code="a">Vol. 5, no. 1 (Apr. 2, 1914)-v. 7, no. 16 (July 20, 1916).</subfield></datafield><datafield ind1=" " ind2=" " tag="500"><subfield code="a">"Official newspaper of Mountrail County."</subfield></datafield><datafield ind1=" " ind2=" " tag="530"><subfield code="a">Available on microfilm from the State Historical Society of North Dakota.</subfield></datafield><datafield ind1=" " ind2=" " tag="752"><subfield code="a">United States</subfield><subfield code="b">North Dakota</subfield><subfield code="c">Mountrail</subfield><subfield code="d">Stanley.</subfield></datafield><datafield ind1="0" ind2="0" tag="780"><subfield code="t">Epworth examiner</subfield><subfield code="w">(DLC)sn 87096025</subfield></datafield><datafield ind1="0" ind2="4" tag="785"><subfield code="t">Van Hook tribune</subfield><subfield code="w">(DLC)sn 87096026</subfield></datafield></record>